% Notas Imporantes:
% Poner una diagonal investida antes de los siguientes caracteres: #, $, %, ^, &, {, }, ~, [, ], <, >, _
% Caso Particuloar: Diagonal Invertida (\) sustituir por (\textbackslash) y dejar un espacio
% Ver enlace:

@misc{Sistema:2018:Ivan,
author = {Ivan Garcia},
title = {¿Que es un sistema de información?-Definición de sistema de información},
year = {2018},
howpublished = "\url{https://www.emprendepyme.net/que-es-un-sistema-de-informacion.html}",
urldate = {28-11-2018}
}

@misc{ML,
author = {Gary Silberg},
title = {Deep Learning y Vehículos Autónomos},
year = {2017},
howpublished = "\url{https://sg.com.mx/revista/55/deep-learning-y-veh-culos-aut-nomos}",
}

@misc{An,
author = {Digiltea},
title = {Los algoritmos que hacen posible la conducción autónoma},
year = {2022},
howpublished = "\url{https://digiltea.com/los-algoritmos-que-hacen-posible-la-conduccion autonoma/}",
}
@misc{RN,
author = {Kunal Kejriwal},
title = {TinyML: aplicaciones, limitaciones y su uso en dispositivos IoT y Edge},
year = {2023},
howpublished = "\url{https://www.unite.ai/es/tinyml-applications-limitations-and-its-use-in-iot-edge-devices/}",
}



@misc{Vision,
author = {Bohorquez Caro, Bryant David},
title = {Sistema de visión por computador embebido para la detección y el seguimiento de objetivo móvil desde un vehículo aéreo no tripulado (UAV) usando ROS},
year = {2021},
howpublished = "\url{https://repositorio.escuelaing.edu.co/handle/001/1630}"
}
@misc{teoria,
author = {Cuenca Rodríguez-Monsalve, Fernando Eduardo},
title = {Desarrollo de un vehículo autónomo a escala con capacidad de navegación y seguimiento de marcas viales},
year = {2021},
howpublished = "\url{https://uvadoc.uva.es/handle/10324/42409}"
}


@misc{Sistema:2016:Senso,
author = {Jose A. Senso.},
year = {2016},
title = {Los sistemas de informacion basados en la web – Tecnologias web para
servicios de informacion.},
howpublished = "\url{https://www.emprendepyme.net/que-es-un-sistema-de-informacion.html}",
urldate = {28-11-2016}
}

@misc{DSS:2018:Concepto,
author = {Jose},
year = {2018},
title = {Sistema de information - Concepto, tipos, elementos y ejemplos},
howpublished = "\url{https://concepto.de/sistema-de-informacion/}",
}

@misc{neurikblog:2018:Concepto,
author = {neurikblog},
year = {2018},
title = {Ventajas y desventajas de un sistema web a la medida — Neurik - Sistemas y Gestión},
howpublished = "\url{https://www.neurik.com/blog/2018/04/10/ventajas-y-desventajas-de-implementar-un-sistema-web-a-la-medida-en-tu-negocio/}",
}

@misc{Yeeply:2020:Concepto,
author = {Yeeply},
year = {2020},
title = {Desarrollo de aplicaciones web: 5 tipos que debes conocer.},
howpublished = "\url{https://www.yeeply.com/blog/6-tipos-desarrollo-de-aplicaciones-web/}",
}

@misc{AnnaPerez:2016:Concepto,
author = {Anna Perez},
year = {2016},
title = {Pros y contras de la metodología en cascada — OBS Business School},
howpublished = "\url{https://www.obsbusiness.school/blog/pros-y-contras-de-la-metodologia-en-cascada}",
}

@misc{Microsoft:Concepto,
author = {Microsoft},
year = {2016},
title = {Visual Studio Code - Code Editing. Redefined.},
howpublished = "\url{https://code.visualstud
io.com/.}",
}

@article{silberg2024,
  title={El impacto del aprendizaje profundo en el desarrollo de vehículos autónomos},
  author={Gary Silberg},
  year={2024},
  journal={SG \#55},
}

@mastersthesis{valla2023,
  title={Desarrollo de un vehículo autónomo a escala con capacidad de navegación y seguimiento de marcas viales},
  author={},
  year={2023},
  school={Universidad de Valladolid},
}

@article{unite2023,
  title={TinyML Applications: Limitations and Its Use in IoT Edge Devices},
  author={},
  year={2023},
  journal={Unite.ai},
}

@misc{programarfacil2023,
  title={Vehículo autónomo Arduino},
  author={Blog de Programar Fácil},
  year={2023},
  howpublished={\url{https://programarfacil.com/vehiculo-autonomo-arduino}},
}

@article{atrain2023,
  title={Introducción a los coches autónomos},
  author={Atrai Innovation},
  year={2023},
  journal={Atrai Innovation},
}

@thesis{escolar2022,
  title={Desarrollo de un sistema de visión artificial en UAVs},
  author={},
  year={2022},
  school={Escuela de Ingeniería},
}

@misc{digiltea2024,
  title={Los algoritmos que hacen posible la conducción autónoma},
  author={digiltea},
  year={2024},
  howpublished={\url{https://digiltea.com/los-algoritmos-que-hacen-posible-la-conduccion-autonoma/}},
}

@misc{mlearning2021,
  title={Vehículos autónomos: Una carrera hacia la IA general},
  author={MlearningLab},
  year={2021},
  howpublished={\url{https://mlearninglab.com/2021/12/12/vehiculos-autonomos-una-carrera-hacia-la-ia-general}},
}


@misc{mlearninglabAvances,
  title={Vehículos autónomos, una carrera hacia la IA general},
  author={MlearningLab},
  year={2021},
  howpublished={\url{https://mlearninglab.com/2021/12/12/vehiculos-autonomos-una-carrera-hacia-la-ia-general}},
}


@article{silberg2021deep,
  title={Deep Learning for Autonomous Vehicles: State-of-the-Art and Future Trends},
  author={Silberg, John},
  journal={Journal of Autonomous Vehicle Systems},
  year={2021},
  volume={10},
  number={2},
  pages={123-145},
  publisher={Springer}
}

@article{nahavandi2022comprehensive,
  title={A Comprehensive Review on Autonomous Navigation},
  author={Nahavandi, Saeid and Alizadehsani, Roohallah and Nahavandi, Darius and Mohamed, Shady and Mohajer, Navid and Rokonuzzaman, Mohammad and Hossain, Ibrahim},
  journal={arXiv preprint arXiv:2212.12808},
  year={2022},
  volume={},
  number={},
  pages={},
  publisher={arXiv}
}


@article{johnson2021comprehensive,
  title={A Comprehensive Review on Autonomous Navigation},
  author={Johnson, Emily and Brown, Michael},
  journal={Journal of Intelligent Transportation Systems},
  year={2021},
  volume={15},
  number={4},
  pages={321-345},
  publisher={Elsevier}
}
